@book{Oppenheim,
	title={Se√±ales y Sistemas},
	edition = {Segunda Edici{\'o}n},
	author={Alan V. Oppenheim, Alan S. Wilsky},
	isbn={970170116X},
	address = {Mexico},
	url={https://books.google.com.pe/books?id=pdIcAAAACAAJ},
	year={1998},
	publisher={Prentice Hall Hispanoamericana, S. A.}
}

