@book{Oppenheim,
	title={Señales y Sistemas},
	edition = {Segunda Edici{\'o}n},
	author={Alan V. Oppenheim, Alan S. Wilsky},
	isbn={970170116X},
	address = {Mexico},
	url={https://books.google.com.pe/books?id=pdIcAAAACAAJ},
	year={1998},
	publisher={Prentice Hall Hispanoamericana, S. A.}
}

@inbook{1,
	title ={El transistor bipolar},
	chapter = {Cap. 2},
	author ={Esteban Sanchis, Juan Ejea},
	publisher = {Universidad de Valencia, Escuela Técnica Superior de Ingenieria},
	year = {2009}
}

@manual{2,
	title = {Familia lógica CMOS},
	author ={José Antonio Sáez Muñoz},
	organization ={Fundamentos Tecnológicos de los Computadores},
	year = {N/N}
}

@article{3,
	title = {Nanoelectronic Devices Based on Carbon Nanotubes},
	author = {Victor Dmitriev, Fernando Gomes, Clerisson Nascimento},
	journal = {https://www.redalyc.org/},
	year = {2015},
	pages = {53-62}
}
 
 
@INPROCEEDINGS{DesignAndfabricationof2005,  author={Wong, Y.M. and Kang, W.P. and Davidson, J.L. and Choi, B.K. and Kerns, D.V. and Huang, J.H.},  booktitle={2005 International Vacuum Nanoelectronics Conference},   title={Design and fabrication of single-chip carbon nanotubes vacuum field emission differential amplifier},   year={2005},  volume={},  number={},  pages={35-36},  doi={10.1109/IVNC.2005.1619471}}

@ARTICLE{CarbonNanotubeCMOS2019,  author={Ho, Rebecca and Lau, Christian and Hills, Gage and Shulaker, Max M.},  journal={IEEE Transactions on Nanotechnology},   title={Carbon Nanotube CMOS Analog Circuitry},   year={2019},  volume={18},  number={},  pages={845-848},  doi={10.1109/TNANO.2019.2902739}} 

@ARTICLE{UnderstandingEnergyEfficiency2018,  author={Hills, Gage and Bardon, Marie Garcia and Doornbos, Gerben and Yakimets, Dmitry and Schuddinck, Pieter and Baert, Rogier and Jang, Doyoung and Mattii, Luca and Sherazi, Syed Muhammed Yasser and Rodopoulos, Dimitrios and Ritzenthaler, Romain and Lee, Chi-Shuen and Thean, Aaron Voon-Yew and Radu, Iuliana and Spessot, Alessio and Debacker, Peter and Catthoor, Francky and Raghavan, Praveen and Shulaker, Max M. and Wong, H.-S. Philip and Mitra, Subhasish},  journal={IEEE Transactions on Nanotechnology},   title={Understanding Energy Efficiency Benefits of Carbon Nanotube Field-Effect Transistors for Digital VLSI},   year={2018},  volume={17},  number={6},  pages={1259-1269},  doi={10.1109/TNANO.2018.2871841}}

@INPROCEEDINGS{Performanceinvestigationofemerging2016,  author={Turkane, Satish M. and Kureshi, A. K.},  booktitle={2016 International Conference on Automatic Control and Dynamic Optimization Techniques (ICACDOT)},   title={Performance investigation of emerging nano devices for low power analog circuits},   year={2016},  volume={},  number={},  pages={718-722},  doi={10.1109/ICACDOT.2016.7877681}}

@INPROCEEDINGS{PerformanceAnalysisofClassical2018,  author={Waykole, Saurabh and Bendre, Varsha S.},  booktitle={2018 Fourth International Conference on Computing Communication Control and Automation (ICCUBEA)},   title={Performance Analysis of Classical Two Stage Opamp Using CMOS and CNFET at 32nm Technology},   year={2018},  volume={},  number={},  pages={1-6},  doi={10.1109/ICCUBEA.2018.8697461}}

@INPROCEEDINGS{DesignofanovelternarySRAM2017,  author={Liu, Zizhao and Pan, Tao and Jia, Song and Wang, Uan},  booktitle={2017 IEEE 12th International Conference on ASIC (ASICON)},   title={Design of a novel ternary SRAM sense amplifier using CNFET},   year={2017},  volume={},  number={},  pages={207-210},  doi={10.1109/ASICON.2017.8252448}}

@INPROCEEDINGS{Comparativeperformanceanalysisof2015,  author={Vikhe, Aniket and Turkane, Satish},  booktitle={2015 International Conference on Energy Systems and Applications},   title={Comparative performance analysis of single stage differential amplifier at 32 nanometer regime},   year={2015},  volume={},  number={},  pages={406-410},  doi={10.1109/ICESA.2015.7503380}}

@INPROCEEDINGS{DesignandSimulationofCarbon2021,  author={Akhoon, M. Saqib and Alharbi, Abdullah G. and Bhat, Majid A. and Suandi, Shahrel A. and Ashraf, Javed and Loan, Sajad A},  booktitle={2021 International Conference on Microelectronics (ICM)},   title={Design and Simulation of Carbon Nanotube Based Current Source Load Differential Amplifier},   year={2021},  volume={},  number={},  pages={140-143},  doi={10.1109/ICM52667.2021.9664923}}

@INPROCEEDINGS{LowpowerlowvoltageCNTFETbasedcurrent2017,  author={Prasad, Dinesh and Mainuddin and Laxya and Islam, S. S.},  booktitle={2017 4th International Conference on Signal Processing and Integrated Networks (SPIN)},   title={Low power low voltage CNTFET-based current differencing buffered amplifier},   year={2017},  volume={},  number={},  pages={115-120},  doi={10.1109/SPIN.2017.8049927}}

@INPROCEEDINGS{AhybridCMOSCNFET2015,  author={Rahane, Sandip B. and Kureshi, A.K. and Pable, S.D.},  booktitle={2015 Annual IEEE India Conference (INDICON)},   title={A hybrid CMOS-CNFET, 1.4-V 6.8-ppm/°C bandgap reference circuit},   year={2015},  volume={},  number={},  pages={1-5},  doi={10.1109/INDICON.2015.7443249}}


@inbook{1,
	title ={El transistor bipolar},
	chapter = {Cap. 2},
	author ={Esteban Sanchis, Juan Ejea},
	publisher = {Universidad de Valencia, Escuela Técnica Superior de Ingenieria},
	year = {2009}
}

@manual{2,
	title = {Familia lógica CMOS},
	author ={José Antonio Sáez Muñoz},
	organization ={Fundamentos Tecnológicos de los Computadores},
	year = {N/N}
}

@article{3,
	title = {Nanoelectronic Devices Based on Carbon Nanotubes},
	author = {Victor Dmitriev, Fernando Gomes, Clerisson Nascimento},
	journal = {https://www.redalyc.org/},
	year = {2015},
	pages = {53-62}
}

@INPROCEEDINGS{Park2005,  
	author={Park, J.H. and Jeong, J.S. and Moon, J.S. and Han, J.H. and Berdinsky, A.S. and Yoo, J.B. and Park, C.Y. and Nam, J.W. and Kim, J.M.},  booktitle={2005 International Vacuum Nanoelectronics Conference},   title={Effect of electrical aging on emission stability of carbon nanotube field emitter},   year={2005},  volume={},  number={},  pages={151-152},  doi={10.1109/IVNC.2005.1619530}}

@INPROCEEDINGS{Akhoon,
	author={Akhoon, M. Saqib and Alharbi, Abdullah G. and Bhat, Majid A. and Suandi, Shahrel A. and Ashraf, Javed and Loan, Sajad A},
	booktitle={2021 International Conference on Microelectronics (ICM)}, 
	title={Design and Simulation of Carbon Nanotube Based Current Source Load Differential Amplifier}, 
	year={2021},
	volume={},
	number={},
	pages={140-143},
	doi={10.1109/ICM52667.2021.9664923}}

@INPROCEEDINGS{Liu,
	author={Liu, Zizhao and Pan, Tao and Jia, Song and Wang, Uan},
	booktitle={2017 IEEE 12th International Conference on ASIC (ASICON)}, 
	title={Design of a novel ternary SRAM sense amplifier using CNFET}, 
	year={2017},
	volume={},
	number={},
	pages={207-210},
	doi={10.1109/ASICON.2017.8252448}}

@INPROCEEDINGS{Prasad,
	author={Prasad, Dinesh and Mainuddin and Laxya and Islam, S. S.},
	booktitle={2017 4th International Conference on Signal Processing and Integrated Networks (SPIN)}, 
	title={Low power low voltage CNTFET-based current differencing buffered amplifier}, 
	year={2017},
	volume={},
	number={},
	pages={115-120},
	doi={10.1109/SPIN.2017.8049927}}


